@article{HKM2024,
    title = {Computing $\pi(N)$: An elementary approach in $\tilde{O}(\sqrt{N})$ time},
    author = {Dean Hirsch and Ido Kessler and Uri Mendlovic},
    year = {2022},
    url = {https://www.ams.org/journals/mcom/0000-000-00/S0025-5718-2024-04039-5/},
    doi = {10.1090/mcom/4039},
    journal = {Mathematics of Computation},
    issn = {1088-6842},
    volume = {},
    number = {},
    pages = {},
    archivePrefix = {arXiv},
    eprint = {2212.09857},
    primaryClass = {math.NT},
}

@article{Helfgott2020,
    title = {An improved sieve of Eratosthenes},
    author = {Harald Andr\'{e}s Helfgott},
    year = {2020},
    url = {https://www.ams.org/journals/mcom/2020-89-321/S0025-5718-2019-03438-5/},
    doi = {10.1090/mcom/3438},
    journal = {Mathematics of Computation},
    issn = {1088-6842},
    volume = {89},
    pages = {333--350},
    archivePrefix = {arXiv},
    eprint = {1712.09130v5},
    primaryClass = {math.NT},
}

@online{Bogosel2018,
    title = {Sum of the Euler Totient function},
    author = {Beni Bogo\c{s}el},
    url = {https://mathproblems123.wordpress.com/2018/05/10/sum-of-the-euler-totient-function/},
    year = {2018},
}

@online{griff2023,
    title = {Summing Multiplicative Functions (Pt. 1)},
    author = {Griffin Macris},
    url = {https://gbroxey.github.io/blog/2023/04/30/mult-sum-1.html},
    year = {2023},
}

@online{adamant2023,
    title = {Dirichlet convolution.  Part 1: Fast prefix sum computations},
    author = {Oleksandr Kulkov},
    url = {https://codeforces.com/blog/entry/117635},
    year = {2023},
}

@article{DR1996,
    title = {Computing the summation of the M\"{o}bius function},
    author = {Marc Del\'{e}glise and Jo\"{o}l Rivat},
    year = {1996},
    url = {https://projecteuclid.org/euclid.em/1047565447},
    doi = {10.1080/10586458.1996.10504594},
    journal = {Experimental Mathematics},
    issn = {1944-950X},
    volume = {5},
    number = {4},
    pages = {291--295},
}

@article{HT23,
    title = {Summing $\mu(n)$: a faster elementary algorithm},
    author = {Harald Andr\'{e}s Helfgott and Lola Thompson},
    year = {2023},
    url = {https://link.springer.com/article/10.1007/s40993-022-00408-8},
    doi = {10.1007/s40993-022-00408-8},
    journal = {Research in Number Theory},
    issn = {2363-9555},
    volume = {9},
    number = {6},
    archivePrefix = {arXiv},
    eprint = {2101.08773v4},
    primaryClass = {math.NT},
}
